trade_date,total_profit_rate,total_value,cash,market_cap,index_total_profit_rate,trade_log
2025-01-02,-0.71%,99290.00,25760.00,73530.0,-2.83%,"{'002765.XSHE': {'Operation': '买入', 'name': '002765.XSHE', 'amount': 100, 'buy_price': 8.5, 'value': '850.00', 'profit': '26.00'}, '002559.XSHE': {'Operation': '买入', 'name': '002559.XSHE', 'amount': 100, 'buy_price': 8.9, 'value': '890.00', 'profit': '-26.00'}, '300732.XSHE': {'Operation': '买入', 'name': '300732.XSHE', 'amount': 100, 'buy_price': 6.67, 'value': '667.00', 'profit': '-11.00'}, '603053.XSHG': {'Operation': '买入', 'name': '603053.XSHG', 'amount': 100, 'buy_price': 10.0, 'value': '1000.00', 'profit': '-36.00'}, '603313.XSHG': {'Operation': '买入', 'name': '603313.XSHG', 'amount': 100, 'buy_price': 6.7, 'value': '670.00', 'profit': '18.00'}, '002295.XSHE': {'Operation': '买入', 'name': '002295.XSHE', 'amount': 100, 'buy_price': 6.43, 'value': '643.00', 'profit': '3.00'}, '688597.XSHG': {'Operation': '买入', 'name': '688597.XSHG', 'amount': 100, 'buy_price': 9.71, 'value': '971.00', 'profit': '14.00'}, '600841.XSHG': {'Operation': '买入', 'name': '600841.XSHG', 'amount': 100, 'buy_price': 5.09, 'value': '509.00', 'profit': '-10.00'}, '300018.XSHE': {'Operation': '买入', 'name': '300018.XSHE', 'amount': 100, 'buy_price': 6.68, 'value': '668.00', 'profit': '-13.00'}, '002676.XSHE': {'Operation': '买入', 'name': '002676.XSHE', 'amount': 100, 'buy_price': 5.89, 'value': '589.00', 'profit': '-8.00'}, '300107.XSHE': {'Operation': '买入', 'name': '300107.XSHE', 'amount': 100, 'buy_price': 9.47, 'value': '947.00', 'profit': '-46.00'}, '600671.XSHG': {'Operation': '买入', 'name': '600671.XSHG', 'amount': 100, 'buy_price': 8.82, 'value': '882.00', 'profit': '-9.00'}, '603696.XSHG': {'Operation': '买入', 'name': '603696.XSHG', 'amount': 100, 'buy_price': 8.16, 'value': '816.00', 'profit': '28.00'}, '603321.XSHG': {'Operation': '买入', 'name': '603321.XSHG', 'amount': 100, 'buy_price': 6.96, 'value': '696.00', 'profit': '-10.00'}, '300039.XSHE': {'Operation': '买入', 'name': '300039.XSHE', 'amount': 100, 'buy_price': 6.08, 'value': '608.00', 'profit': '-16.00'}, '002639.XSHE': {'Operation': '买入', 'name': '002639.XSHE', 'amount': 100, 'buy_price': 6.6, 'value': '660.00', 'profit': '-1.00'}, '300528.XSHE': {'Operation': '买入', 'name': '300528.XSHE', 'amount': 100, 'buy_price': 8.86, 'value': '886.00', 'profit': '-11.00'}, '600983.XSHG': {'Operation': '买入', 'name': '600983.XSHG', 'amount': 100, 'buy_price': 9.24, 'value': '924.00', 'profit': '-20.00'}, '600305.XSHG': {'Operation': '买入', 'name': '600305.XSHG', 'amount': 100, 'buy_price': 7.98, 'value': '798.00', 'profit': '-5.00'}, '001208.XSHE': {'Operation': '买入', 'name': '001208.XSHE', 'amount': 100, 'buy_price': 9.03, 'value': '903.00', 'profit': '-23.00'}, '002178.XSHE': {'Operation': '买入', 'name': '002178.XSHE', 'amount': 100, 'buy_price': 5.99, 'value': '599.00', 'profit': '-5.00'}, '600099.XSHG': {'Operation': '买入', 'name': '600099.XSHG', 'amount': 100, 'buy_price': 8.84, 'value': '884.00', 'profit': '-15.00'}, '600192.XSHG': {'Operation': '买入', 'name': '600192.XSHG', 'amount': 100, 'buy_price': 5.77, 'value': '577.00', 'profit': '-11.00'}, '002637.XSHE': {'Operation': '买入', 'name': '002637.XSHE', 'amount': 100, 'buy_price': 9.8, 'value': '980.00', 'profit': '-4.00'}, '600234.XSHG': {'Operation': '买入', 'name': '600234.XSHG', 'amount': 100, 'buy_price': 5.55, 'value': '555.00', 'profit': '-28.00'}, '003003.XSHE': {'Operation': '买入', 'name': '003003.XSHE', 'amount': 100, 'buy_price': 9.43, 'value': '943.00', 'profit': '69.00'}, '603116.XSHG': {'Operation': '买入', 'name': '603116.XSHG', 'amount': 100, 'buy_price': 5.52, 'value': '552.00', 'profit': '3.00'}, '300358.XSHE': {'Operation': '买入', 'name': '300358.XSHE', 'amount': 100, 'buy_price': 6.86, 'value': '686.00', 'profit': '-16.00'}, '301215.XSHE': {'Operation': '买入', 'name': '301215.XSHE', 'amount': 100, 'buy_price': 5.94, 'value': '594.00', 'profit': '-19.00'}, '000546.XSHE': {'Operation': '买入', 'name': '000546.XSHE', 'amount': 100, 'buy_price': 5.01, 'value': '501.00', 'profit': '-3.00'}, '300311.XSHE': {'Operation': '买入', 'name': '300311.XSHE', 'amount': 100, 'buy_price': 5.82, 'value': '582.00', 'profit': '-1.00'}, '300004.XSHE': {'Operation': '买入', 'name': '300004.XSHE', 'amount': 100, 'buy_price': 6.12, 'value': '612.00', 'profit': '0.00'}, '002627.XSHE': {'Operation': '买入', 'name': '002627.XSHE', 'amount': 100, 'buy_price': 5.01, 'value': '501.00', 'profit': '-2.00'}, '300423.XSHE': {'Operation': '买入', 'name': '300423.XSHE', 'amount': 100, 'buy_price': 6.92, 'value': '692.00', 'profit': '-21.00'}, '002483.XSHE': {'Operation': '买入', 'name': '002483.XSHE', 'amount': 100, 'buy_price': 5.2, 'value': '520.00', 'profit': '-11.00'}, '002116.XSHE': {'Operation': '买入', 'name': '002116.XSHE', 'amount': 100, 'buy_price': 9.96, 'value': '996.00', 'profit': '-21.00'}, '600846.XSHG': {'Operation': '买入', 'name': '600846.XSHG', 'amount': 100, 'buy_price': 8.57, 'value': '857.00', 'profit': '-7.00'}, '000670.XSHE': {'Operation': '买入', 'name': '000670.XSHE', 'amount': 100, 'buy_price': 8.0, 'value': '800.00', 'profit': '-46.00'}, '688108.XSHG': {'Operation': '买入', 'name': '688108.XSHG', 'amount': 100, 'buy_price': 9.76, 'value': '976.00', 'profit': '-17.00'}, '002642.XSHE': {'Operation': '买入', 'name': '002642.XSHE', 'amount': 100, 'buy_price': 7.19, 'value': '719.00', 'profit': '-21.00'}, '002561.XSHE': {'Operation': '买入', 'name': '002561.XSHE', 'amount': 100, 'buy_price': 9.09, 'value': '909.00', 'profit': '20.00'}, '002293.XSHE': {'Operation': '买入', 'name': '002293.XSHE', 'amount': 100, 'buy_price': 7.38, 'value': '738.00', 'profit': '40.00'}, '002469.XSHE': {'Operation': '买入', 'name': '002469.XSHE', 'amount': 100, 'buy_price': 6.98, 'value': '698.00', 'profit': '-9.00'}, '002917.XSHE': {'Operation': '买入', 'name': '002917.XSHE', 'amount': 100, 'buy_price': 9.58, 'value': '958.00', 'profit': '-35.00'}, '300131.XSHE': {'Operation': '买入', 'name': '300131.XSHE', 'amount': 100, 'buy_price': 8.0, 'value': '800.00', 'profit': '9.00'}, '002530.XSHE': {'Operation': '买入', 'name': '002530.XSHE', 'amount': 100, 'buy_price': 9.5, 'value': '950.00', 'profit': '21.00'}, '300352.XSHE': {'Operation': '买入', 'name': '300352.XSHE', 'amount': 100, 'buy_price': 5.27, 'value': '527.00', 'profit': '-18.00'}, '002026.XSHE': {'Operation': '买入', 'name': '002026.XSHE', 'amount': 100, 'buy_price': 9.85, 'value': '985.00', 'profit': '-37.00'}, '300670.XSHE': {'Operation': '买入', 'name': '300670.XSHE', 'amount': 100, 'buy_price': 5.83, 'value': '583.00', 'profit': '-12.00'}, '600784.XSHG': {'Operation': '买入', 'name': '600784.XSHG', 'amount': 100, 'buy_price': 5.85, 'value': '585.00', 'profit': '10.00'}, '002790.XSHE': {'Operation': '买入', 'name': '002790.XSHE', 'amount': 100, 'buy_price': 7.3, 'value': '730.00', 'profit': '-4.00'}, '603676.XSHG': {'Operation': '买入', 'name': '603676.XSHG', 'amount': 100, 'buy_price': 9.96, 'value': '996.00', 'profit': '-16.00'}, '603222.XSHG': {'Operation': '买入', 'name': '603222.XSHG', 'amount': 100, 'buy_price': 6.78, 'value': '678.00', 'profit': '-12.00'}, '603682.XSHG': {'Operation': '买入', 'name': '603682.XSHG', 'amount': 100, 'buy_price': 7.66, 'value': '766.00', 'profit': '35.00'}, '002419.XSHE': {'Operation': '买入', 'name': '002419.XSHE', 'amount': 100, 'buy_price': 5.63, 'value': '563.00', 'profit': '24.00'}, '300081.XSHE': {'Operation': '买入', 'name': '300081.XSHE', 'amount': 100, 'buy_price': 7.2, 'value': '720.00', 'profit': '-11.00'}, '600366.XSHG': {'Operation': '买入', 'name': '600366.XSHG', 'amount': 100, 'buy_price': 7.35, 'value': '735.00', 'profit': '-21.00'}, '301175.XSHE': {'Operation': '买入', 'name': '301175.XSHE', 'amount': 100, 'buy_price': 5.26, 'value': '526.00', 'profit': '-25.00'}, '002173.XSHE': {'Operation': '买入', 'name': '002173.XSHE', 'amount': 100, 'buy_price': 7.97, 'value': '797.00', 'profit': '6.00'}, '002846.XSHE': {'Operation': '买入', 'name': '002846.XSHE', 'amount': 100, 'buy_price': 8.17, 'value': '817.00', 'profit': '9.00'}, '002098.XSHE': {'Operation': '买入', 'name': '002098.XSHE', 'amount': 100, 'buy_price': 7.96, 'value': '796.00', 'profit': '-13.00'}, '600613.XSHG': {'Operation': '买入', 'name': '600613.XSHG', 'amount': 100, 'buy_price': 6.86, 'value': '686.00', 'profit': '-4.00'}, '603577.XSHG': {'Operation': '买入', 'name': '603577.XSHG', 'amount': 100, 'buy_price': 7.86, 'value': '786.00', 'profit': '-5.00'}, '000928.XSHE': {'Operation': '买入', 'name': '000928.XSHE', 'amount': 100, 'buy_price': 6.39, 'value': '639.00', 'profit': '-23.00'}, '300931.XSHE': {'Operation': '买入', 'name': '300931.XSHE', 'amount': 100, 'buy_price': 6.55, 'value': '655.00', 'profit': '-3.00'}, '002908.XSHE': {'Operation': '买入', 'name': '002908.XSHE', 'amount': 100, 'buy_price': 8.69, 'value': '869.00', 'profit': '-21.00'}, '301265.XSHE': {'Operation': '买入', 'name': '301265.XSHE', 'amount': 100, 'buy_price': 8.96, 'value': '896.00', 'profit': '-23.00'}, '002599.XSHE': {'Operation': '买入', 'name': '002599.XSHE', 'amount': 100, 'buy_price': 7.24, 'value': '724.00', 'profit': '-2.00'}, '600353.XSHG': {'Operation': '买入', 'name': '600353.XSHG', 'amount': 100, 'buy_price': 7.16, 'value': '716.00', 'profit': '-20.00'}, '603900.XSHG': {'Operation': '买入', 'name': '603900.XSHG', 'amount': 100, 'buy_price': 5.55, 'value': '555.00', 'profit': '13.00'}, '600724.XSHG': {'Operation': '买入', 'name': '600724.XSHG', 'amount': 100, 'buy_price': 6.31, 'value': '631.00', 'profit': '-10.00'}, '601121.XSHG': {'Operation': '买入', 'name': '601121.XSHG', 'amount': 100, 'buy_price': 6.93, 'value': '693.00', 'profit': '-3.00'}, '002272.XSHE': {'Operation': '买入', 'name': '002272.XSHE', 'amount': 100, 'buy_price': 9.65, 'value': '965.00', 'profit': '-52.00'}, '603221.XSHG': {'Operation': '买入', 'name': '603221.XSHG', 'amount': 100, 'buy_price': 9.11, 'value': '911.00', 'profit': '-4.00'}, '601886.XSHG': {'Operation': '买入', 'name': '601886.XSHG', 'amount': 100, 'buy_price': 5.0, 'value': '500.00', 'profit': '-9.00'}, '300011.XSHE': {'Operation': '买入', 'name': '300011.XSHE', 'amount': 100, 'buy_price': 7.36, 'value': '736.00', 'profit': '-30.00'}, '001258.XSHE': {'Operation': '买入', 'name': '001258.XSHE', 'amount': 100, 'buy_price': 7.91, 'value': '791.00', 'profit': '13.00'}, '300005.XSHE': {'Operation': '买入', 'name': '300005.XSHE', 'amount': 100, 'buy_price': 7.07, 'value': '707.00', 'profit': '-11.00'}, '002769.XSHE': {'Operation': '买入', 'name': '002769.XSHE', 'amount': 100, 'buy_price': 6.94, 'value': '694.00', 'profit': '-4.00'}, '600531.XSHG': {'Operation': '买入', 'name': '600531.XSHG', 'amount': 100, 'buy_price': 6.43, 'value': '643.00', 'profit': '-9.00'}, '002136.XSHE': {'Operation': '买入', 'name': '002136.XSHE', 'amount': 100, 'buy_price': 9.67, 'value': '967.00', 'profit': '-7.00'}, '002148.XSHE': {'Operation': '买入', 'name': '002148.XSHE', 'amount': 100, 'buy_price': 6.7, 'value': '670.00', 'profit': '-9.00'}, '002346.XSHE': {'Operation': '买入', 'name': '002346.XSHE', 'amount': 100, 'buy_price': 9.86, 'value': '986.00', 'profit': '34.00'}, '600721.XSHG': {'Operation': '买入', 'name': '600721.XSHG', 'amount': 100, 'buy_price': 6.59, 'value': '659.00', 'profit': '-9.00'}, '300700.XSHE': {'Operation': '买入', 'name': '300700.XSHE', 'amount': 100, 'buy_price': 8.79, 'value': '879.00', 'profit': '-32.00'}, '603660.XSHG': {'Operation': '买入', 'name': '603660.XSHG', 'amount': 100, 'buy_price': 6.66, 'value': '666.00', 'profit': '-6.00'}, '002593.XSHE': {'Operation': '买入', 'name': '002593.XSHE', 'amount': 100, 'buy_price': 5.01, 'value': '501.00', 'profit': '4.00'}, '300737.XSHE': {'Operation': '买入', 'name': '300737.XSHE', 'amount': 100, 'buy_price': 5.07, 'value': '507.00', 'profit': '-19.00'}, '300016.XSHE': {'Operation': '买入', 'name': '300016.XSHE', 'amount': 100, 'buy_price': 6.19, 'value': '619.00', 'profit': '-13.00'}, '002999.XSHE': {'Operation': '买入', 'name': '002999.XSHE', 'amount': 100, 'buy_price': 5.89, 'value': '589.00', 'profit': '7.00'}, '002453.XSHE': {'Operation': '买入', 'name': '002453.XSHE', 'amount': 100, 'buy_price': 5.05, 'value': '505.00', 'profit': '-10.00'}, '603058.XSHG': {'Operation': '买入', 'name': '603058.XSHG', 'amount': 100, 'buy_price': 8.78, 'value': '878.00', 'profit': '-7.00'}, '002587.XSHE': {'Operation': '买入', 'name': '002587.XSHE', 'amount': 100, 'buy_price': 5.98, 'value': '598.00', 'profit': '3.00'}, '300228.XSHE': {'Operation': '买入', 'name': '300228.XSHE', 'amount': 100, 'buy_price': 7.09, 'value': '709.00', 'profit': '-16.00'}, '300404.XSHE': {'Operation': '买入', 'name': '300404.XSHE', 'amount': 100, 'buy_price': 8.73, 'value': '873.00', 'profit': '-23.00'}, '002209.XSHE': {'Operation': '买入', 'name': '002209.XSHE', 'amount': 100, 'buy_price': 9.22, 'value': '922.00', 'profit': '-5.00'}, '300334.XSHE': {'Operation': '买入', 'name': '300334.XSHE', 'amount': 100, 'buy_price': 5.77, 'value': '577.00', 'profit': '-10.00'}, '002291.XSHE': {'Operation': '买入', 'name': '002291.XSHE', 'amount': 100, 'buy_price': 6.31, 'value': '631.00', 'profit': '2.00'}, '603779.XSHG': {'Operation': '买入', 'name': '603779.XSHG', 'amount': 100, 'buy_price': 7.69, 'value': '769.00', 'profit': '7.00'}, '603889.XSHG': {'Operation': '买入', 'name': '603889.XSHG', 'amount': 100, 'buy_price': 6.68, 'value': '668.00', 'profit': '-9.00'}, '600330.XSHG': {'Operation': '买入', 'name': '600330.XSHG', 'amount': 100, 'buy_price': 7.1, 'value': '710.00', 'profit': '-14.00'}}"
2025-01-03,-3.87%,96134.00,25760.00,70374.0,-3.98%,{}
2025-01-06,-3.87%,96128.00,24974.00,71154.0,-4.14%,"{'002272.XSHE': {'Operation': '补仓', 'amount': 100, 'buy_price': 7.86, 'value': '786.00', 'profit': '-91.50'}}"
2025-01-07,-2.46%,97537.00,23729.00,73808.0,-3.45%,"{'000670.XSHE': {'Operation': '补仓', 'amount': 100, 'buy_price': 6.66, 'value': '666.00', 'profit': '-38.00'}, '603682.XSHG': {'Operation': '补仓', 'amount': 100, 'buy_price': 5.78, 'value': '578.00', 'profit': '-84.00'}, '002419.XSHE': {'Operation': '补仓', 'amount': 100, 'buy_price': 4.75, 'value': '475.00', 'profit': '-41.00'}, '002346.XSHE': {'Operation': '清仓', 'amount': 100, 'sell_price': 11.94, 'revenue': '1194.00', 'profit': '208.00'}, '300414.XSHE': {'Operation': '买入', 'name': '300414.XSHE', 'amount': 100, 'buy_price': 7.2, 'value': '720.00', 'profit': '31.00'}}"
2025-01-08,-2.10%,97902.00,24318.00,73584.0,-3.63%,"{'003003.XSHE': {'Operation': '清仓', 'amount': 100, 'sell_price': 12.0, 'revenue': '1200.00', 'profit': '257.00'}, '002685.XSHE': {'Operation': '买入', 'name': '002685.XSHE', 'amount': 100, 'buy_price': 6.11, 'value': '611.00', 'profit': '28.00'}}"
2025-01-09,-1.84%,98159.00,23650.00,74509.0,-3.86%,"{'001258.XSHE': {'Operation': '补仓', 'amount': 100, 'buy_price': 6.68, 'value': '668.00', 'profit': '-68.50'}}"
2025-01-10,-4.62%,95383.00,24181.00,71202.0,-5.07%,"{'002917.XSHE': {'Operation': '清仓', 'amount': 100, 'sell_price': 11.86, 'revenue': '1186.00', 'profit': '228.00'}, '002082.XSHE': {'Operation': '买入', 'name': '002082.XSHE', 'amount': 100, 'buy_price': 6.55, 'value': '655.00', 'profit': '-21.00'}}"
2025-01-13,-3.90%,96104.00,23042.00,73062.0,-5.32%,"{'600724.XSHG': {'Operation': '补仓', 'amount': 100, 'buy_price': 5.2, 'value': '520.00', 'profit': '-51.50'}, '001258.XSHE': {'Operation': '补仓', 'amount': 100, 'buy_price': 6.19, 'value': '619.00', 'profit': '-71.67'}}"
2025-01-14,-0.29%,99714.00,23042.00,76672.0,-2.83%,{}
2025-01-15,-0.58%,99422.00,23531.00,75891.0,-3.45%,"{'002765.XSHE': {'Operation': '清仓', 'amount': 100, 'sell_price': 10.11, 'revenue': '1011.00', 'profit': '161.00'}, '300359.XSHE': {'Operation': '买入', 'name': '300359.XSHE', 'amount': 100, 'buy_price': 5.22, 'value': '522.00', 'profit': '-4.00'}}"
2025-01-16,0.16%,100163.00,23566.00,76597.0,-3.34%,"{'002291.XSHE': {'Operation': '清仓', 'amount': 100, 'sell_price': 7.66, 'revenue': '766.00', 'profit': '135.00'}, '002349.XSHE': {'Operation': '买入', 'name': '002349.XSHE', 'amount': 100, 'buy_price': 7.31, 'value': '731.00', 'profit': '-1.00'}}"
2025-01-17,-0.01%,99994.00,23566.00,76428.0,-3.04%,{}
2025-01-20,1.08%,101081.00,24006.00,77075.0,-2.60%,"{'002209.XSHE': {'Operation': '清仓', 'amount': 100, 'sell_price': 10.9, 'revenue': '1090.00', 'profit': '168.00'}, '000619.XSHE': {'Operation': '买入', 'name': '000619.XSHE', 'amount': 100, 'buy_price': 6.5, 'value': '650.00', 'profit': '-18.00'}}"
2025-01-21,0.33%,100325.00,24006.00,76319.0,-2.52%,{}
2025-01-22,-0.39%,99613.00,23940.00,75673.0,-3.43%,"{'002483.XSHE': {'Operation': '清仓', 'amount': 100, 'sell_price': 6.26, 'revenue': '626.00', 'profit': '106.00'}, '002454.XSHE': {'Operation': '买入', 'name': '002454.XSHE', 'amount': 100, 'buy_price': 6.92, 'value': '692.00', 'profit': '-4.00'}}"
2025-01-23,-0.57%,99432.00,23785.00,75647.0,-3.26%,"{'001208.XSHE': {'Operation': '清仓', 'amount': 100, 'sell_price': 10.78, 'revenue': '1078.00', 'profit': '175.00'}, '603682.XSHG': {'Operation': '补仓', 'amount': 100, 'buy_price': 5.71, 'value': '571.00', 'profit': '-89.33'}, '300232.XSHE': {'Operation': '买入', 'name': '300232.XSHE', 'amount': 100, 'buy_price': 6.62, 'value': '662.00', 'profit': '3.00'}}"
2025-01-24,0.40%,100396.00,23785.00,76611.0,-2.52%,{}
2025-01-27,-0.30%,99700.00,23440.00,76260.0,-2.92%,"{'002530.XSHE': {'Operation': '清仓', 'amount': 100, 'sell_price': 11.59, 'revenue': '1159.00', 'profit': '209.00'}, '603682.XSHG': {'Operation': '补仓', 'amount': 100, 'buy_price': 5.36, 'value': '536.00', 'profit': '-106.75'}, '002606.XSHE': {'Operation': '买入', 'name': '002606.XSHE', 'amount': 100, 'buy_price': 9.68, 'value': '968.00', 'profit': '-6.00'}}"
2025-02-05,0.69%,100691.00,22931.00,77760.0,-3.48%,"{'603682.XSHG': {'Operation': '补仓', 'amount': 100, 'buy_price': 5.09, 'value': '509.00', 'profit': '-84.00'}}"
2025-02-06,2.27%,102272.00,23185.00,79087.0,-2.26%,"{'002295.XSHE': {'Operation': '清仓', 'amount': 100, 'sell_price': 7.45, 'revenue': '745.00', 'profit': '102.00'}, '002599.XSHE': {'Operation': '清仓', 'amount': 100, 'sell_price': 8.37, 'revenue': '837.00', 'profit': '113.00'}, '600586.XSHG': {'Operation': '买入', 'name': '600586.XSHG', 'amount': 100, 'buy_price': 5.11, 'value': '511.00', 'profit': '5.00'}, '002579.XSHE': {'Operation': '买入', 'name': '002579.XSHE', 'amount': 100, 'buy_price': 8.17, 'value': '817.00', 'profit': '58.00'}}"
2025-02-07,3.26%,103255.00,22954.00,80301.0,-0.99%,"{'300352.XSHE': {'Operation': '清仓', 'amount': 100, 'sell_price': 6.2, 'revenue': '620.00', 'profit': '93.00'}, '600366.XSHG': {'Operation': '清仓', 'amount': 100, 'sell_price': 8.5, 'revenue': '850.00', 'profit': '115.00'}, '000409.XSHE': {'Operation': '买入', 'name': '000409.XSHE', 'amount': 100, 'buy_price': 9.84, 'value': '984.00', 'profit': '9.00'}, '605500.XSHG': {'Operation': '买入', 'name': '605500.XSHG', 'amount': 100, 'buy_price': 7.17, 'value': '717.00', 'profit': '6.00'}}"
2025-02-10,4.87%,104873.00,23301.00,81572.0,-0.78%,"{'002173.XSHE': {'Operation': '清仓', 'amount': 100, 'sell_price': 9.18, 'revenue': '918.00', 'profit': '121.00'}, '300232.XSHE': {'Operation': '清仓', 'amount': 100, 'sell_price': 7.82, 'revenue': '782.00', 'profit': '120.00'}, '605162.XSHG': {'Operation': '买入', 'name': '605162.XSHG', 'amount': 100, 'buy_price': 6.91, 'value': '691.00', 'profit': '7.00'}, '600135.XSHG': {'Operation': '买入', 'name': '600135.XSHG', 'amount': 100, 'buy_price': 6.62, 'value': '662.00', 'profit': '14.00'}}"
2025-02-11,4.38%,104380.00,23289.00,81091.0,-1.24%,"{'603660.XSHG': {'Operation': '清仓', 'amount': 100, 'sell_price': 7.7, 'revenue': '770.00', 'profit': '104.00'}, '300414.XSHE': {'Operation': '清仓', 'amount': 100, 'sell_price': 8.39, 'revenue': '839.00', 'profit': '119.00'}, '603168.XSHG': {'Operation': '买入', 'name': '603168.XSHG', 'amount': 100, 'buy_price': 7.07, 'value': '707.00', 'profit': '-15.00'}, '603528.XSHG': {'Operation': '买入', 'name': '603528.XSHG', 'amount': 100, 'buy_price': 9.14, 'value': '914.00', 'profit': '-26.00'}}"
2025-02-12,5.16%,105159.00,23394.00,81765.0,-0.30%,"{'002685.XSHE': {'Operation': '清仓', 'amount': 100, 'sell_price': 7.07, 'revenue': '707.00', 'profit': '96.00'}, '300123.XSHE': {'Operation': '买入', 'name': '300123.XSHE', 'amount': 100, 'buy_price': 6.02, 'value': '602.00', 'profit': '4.00'}}"
2025-02-13,4.78%,104777.00,24553.00,80224.0,-0.68%,"{'002639.XSHE': {'Operation': '清仓', 'amount': 100, 'sell_price': 7.69, 'revenue': '769.00', 'profit': '109.00'}, '002272.XSHE': {'Operation': '清仓', 'amount': 200, 'sell_price': 10.86, 'revenue': '2172.00', 'profit': '421.00'}, '603088.XSHG': {'Operation': '买入', 'name': '603088.XSHG', 'amount': 100, 'buy_price': 9.41, 'value': '941.00', 'profit': '45.00'}, '603105.XSHG': {'Operation': '买入', 'name': '603105.XSHG', 'amount': 100, 'buy_price': 8.41, 'value': '841.00', 'profit': '-15.00'}}"
2025-02-14,4.88%,104876.00,24566.00,80310.0,0.18%,"{'300311.XSHE': {'Operation': '清仓', 'amount': 100, 'sell_price': 6.71, 'revenue': '671.00', 'profit': '89.00'}, '000019.XSHE': {'Operation': '买入', 'name': '000019.XSHE', 'amount': 100, 'buy_price': 6.58, 'value': '658.00', 'profit': '-2.00'}}"
2025-02-17,6.24%,106244.00,25282.00,80962.0,0.40%,"{'002178.XSHE': {'Operation': '清仓', 'amount': 100, 'sell_price': 7.01, 'revenue': '701.00', 'profit': '102.00'}, '688108.XSHG': {'Operation': '清仓', 'amount': 100, 'sell_price': 11.46, 'revenue': '1146.00', 'profit': '170.00'}, '002642.XSHE': {'Operation': '清仓', 'amount': 100, 'sell_price': 8.75, 'revenue': '875.00', 'profit': '156.00'}, '300081.XSHE': {'Operation': '清仓', 'amount': 100, 'sell_price': 8.3, 'revenue': '830.00', 'profit': '110.00'}, '300404.XSHE': {'Operation': '清仓', 'amount': 100, 'sell_price': 10.48, 'revenue': '1048.00', 'profit': '175.00'}, '603118.XSHG': {'Operation': '买入', 'name': '603118.XSHG', 'amount': 100, 'buy_price': 10.86, 'value': '1086.00', 'profit': '4.00'}, '688285.XSHG': {'Operation': '买入', 'name': '688285.XSHG', 'amount': 100, 'buy_price': 7.36, 'value': '736.00', 'profit': '17.00'}, '001267.XSHE': {'Operation': '买入', 'name': '001267.XSHE', 'amount': 100, 'buy_price': 9.07, 'value': '907.00', 'profit': '10.00'}, '300291.XSHE': {'Operation': '买入', 'name': '300291.XSHE', 'amount': 100, 'buy_price': 5.68, 'value': '568.00', 'profit': '-14.00'}, '600796.XSHG': {'Operation': '买入', 'name': '600796.XSHG', 'amount': 100, 'buy_price': 5.87, 'value': '587.00', 'profit': '9.00'}}"
2025-02-18,4.04%,104035.00,25604.00,78431.0,-0.48%,"{'002908.XSHE': {'Operation': '清仓', 'amount': 100, 'sell_price': 10.11, 'revenue': '1011.00', 'profit': '142.00'}, '300359.XSHE': {'Operation': '清仓', 'amount': 100, 'sell_price': 7.13, 'revenue': '713.00', 'profit': '191.00'}, '002728.XSHE': {'Operation': '买入', 'name': '002728.XSHE', 'amount': 100, 'buy_price': 8.36, 'value': '836.00', 'profit': '-23.00'}, '300883.XSHE': {'Operation': '买入', 'name': '300883.XSHE', 'amount': 100, 'buy_price': 5.66, 'value': '566.00', 'profit': '-28.00'}}"
2025-02-19,5.54%,105540.00,25668.00,79872.0,0.21%,"{'002453.XSHE': {'Operation': '清仓', 'amount': 100, 'sell_price': 6.03, 'revenue': '603.00', 'profit': '98.00'}, '002333.XSHE': {'Operation': '买入', 'name': '002333.XSHE', 'amount': 100, 'buy_price': 5.39, 'value': '539.00', 'profit': '4.00'}}"
2025-02-20,6.16%,106164.00,25869.00,80295.0,-0.07%,"{'002790.XSHE': {'Operation': '清仓', 'amount': 100, 'sell_price': 8.43, 'revenue': '843.00', 'profit': '113.00'}, '600353.XSHG': {'Operation': '清仓', 'amount': 100, 'sell_price': 8.34, 'revenue': '834.00', 'profit': '118.00'}, '002148.XSHE': {'Operation': '清仓', 'amount': 100, 'sell_price': 8.2, 'revenue': '820.00', 'profit': '150.00'}, '002593.XSHE': {'Operation': '清仓', 'amount': 100, 'sell_price': 5.8, 'revenue': '580.00', 'profit': '79.00'}, '688189.XSHG': {'Operation': '买入', 'name': '688189.XSHG', 'amount': 100, 'buy_price': 6.68, 'value': '668.00', 'profit': '4.00'}, '603617.XSHG': {'Operation': '买入', 'name': '603617.XSHG', 'amount': 100, 'buy_price': 8.18, 'value': '818.00', 'profit': '-9.00'}, '603866.XSHG': {'Operation': '买入', 'name': '603866.XSHG', 'amount': 100, 'buy_price': 5.66, 'value': '566.00', 'profit': '6.00'}, '000925.XSHE': {'Operation': '买入', 'name': '000925.XSHE', 'amount': 100, 'buy_price': 8.24, 'value': '824.00', 'profit': '4.00'}}"
2025-02-21,5.98%,105981.00,25869.00,80112.0,1.19%,{}
2025-02-24,6.65%,106650.00,25692.00,80958.0,0.96%,"{'600192.XSHG': {'Operation': '清仓', 'amount': 100, 'sell_price': 6.8, 'revenue': '680.00', 'profit': '103.00'}, '300138.XSHE': {'Operation': '买入', 'name': '300138.XSHE', 'amount': 100, 'buy_price': 8.57, 'value': '857.00', 'profit': '3.00'}}"
2025-02-25,6.05%,106046.00,25692.00,80354.0,-0.16%,{}
2025-02-26,7.24%,107243.00,25128.00,82115.0,0.72%,"{'002559.XSHE': {'Operation': '清仓', 'amount': 100, 'sell_price': 10.33, 'revenue': '1033.00', 'profit': '143.00'}, '600841.XSHG': {'Operation': '清仓', 'amount': 100, 'sell_price': 5.96, 'revenue': '596.00', 'profit': '87.00'}, '600724.XSHG': {'Operation': '补仓', 'amount': 100, 'buy_price': 4.87, 'value': '487.00', 'profit': '-44.00'}, '000011.XSHE': {'Operation': '买入', 'name': '000011.XSHE', 'amount': 100, 'buy_price': 8.3, 'value': '830.00', 'profit': '17.00'}, '603909.XSHG': {'Operation': '买入', 'name': '603909.XSHG', 'amount': 100, 'buy_price': 8.76, 'value': '876.00', 'profit': '10.00'}}"
2025-02-27,7.58%,107585.00,27058.00,80527.0,0.92%,"{'688597.XSHG': {'Operation': '清仓', 'amount': 100, 'sell_price': 11.4, 'revenue': '1140.00', 'profit': '169.00'}, '002026.XSHE': {'Operation': '清仓', 'amount': 100, 'sell_price': 11.43, 'revenue': '1143.00', 'profit': '158.00'}, '300011.XSHE': {'Operation': '清仓', 'amount': 100, 'sell_price': 8.87, 'revenue': '887.00', 'profit': '151.00'}, '002769.XSHE': {'Operation': '清仓', 'amount': 100, 'sell_price': 8.0, 'revenue': '800.00', 'profit': '106.00'}, '002579.XSHE': {'Operation': '清仓', 'amount': 100, 'sell_price': 9.5, 'revenue': '950.00', 'profit': '133.00'}, '603118.XSHG': {'Operation': '清仓', 'amount': 100, 'sell_price': 14.64, 'revenue': '1464.00', 'profit': '378.00'}, '300172.XSHE': {'Operation': '买入', 'name': '300172.XSHE', 'amount': 100, 'buy_price': 5.12, 'value': '512.00', 'profit': '-4.00'}, '300160.XSHE': {'Operation': '买入', 'name': '300160.XSHE', 'amount': 100, 'buy_price': 5.38, 'value': '538.00', 'profit': '-3.00'}, '603387.XSHG': {'Operation': '买入', 'name': '603387.XSHG', 'amount': 100, 'buy_price': 8.61, 'value': '861.00', 'profit': '0.00'}, '002097.XSHE': {'Operation': '买入', 'name': '002097.XSHE', 'amount': 100, 'buy_price': 8.83, 'value': '883.00', 'profit': '-14.00'}, '300219.XSHE': {'Operation': '买入', 'name': '300219.XSHE', 'amount': 100, 'buy_price': 7.53, 'value': '753.00', 'profit': '-11.00'}, '002474.XSHE': {'Operation': '买入', 'name': '002474.XSHE', 'amount': 100, 'buy_price': 9.07, 'value': '907.00', 'profit': '-59.00'}}"
2025-02-28,5.27%,105269.00,27058.00,78211.0,-1.06%,{}
2025-03-03,6.02%,106021.00,27058.00,78963.0,-1.10%,{}
2025-03-04,6.93%,106932.00,26700.00,80232.0,-1.19%,"{'600671.XSHG': {'Operation': '清仓', 'amount': 100, 'sell_price': 10.39, 'revenue': '1039.00', 'profit': '157.00'}, '002474.XSHE': {'Operation': '补仓', 'amount': 100, 'buy_price': 7.45, 'value': '745.00', 'profit': '-52.00'}, '600682.XSHG': {'Operation': '买入', 'name': '600682.XSHG', 'amount': 100, 'buy_price': 6.52, 'value': '652.00', 'profit': '-10.00'}}"
2025-03-05,6.68%,106677.00,27611.00,79066.0,-0.74%,"{'603116.XSHG': {'Operation': '清仓', 'amount': 100, 'sell_price': 6.4, 'revenue': '640.00', 'profit': '88.00'}, '600586.XSHG': {'Operation': '清仓', 'amount': 100, 'sell_price': 5.98, 'revenue': '598.00', 'profit': '87.00'}, '000409.XSHE': {'Operation': '清仓', 'amount': 100, 'sell_price': 12.95, 'revenue': '1295.00', 'profit': '311.00'}, '601500.XSHG': {'Operation': '买入', 'name': '601500.XSHG', 'amount': 100, 'buy_price': 5.3, 'value': '530.00', 'profit': '1.00'}, '000565.XSHE': {'Operation': '买入', 'name': '000565.XSHE', 'amount': 100, 'buy_price': 5.48, 'value': '548.00', 'profit': '-5.00'}, '300350.XSHE': {'Operation': '买入', 'name': '300350.XSHE', 'amount': 100, 'buy_price': 5.44, 'value': '544.00', 'profit': '-8.00'}}"
2025-03-06,7.98%,107980.00,27479.00,80501.0,0.62%,"{'002846.XSHE': {'Operation': '清仓', 'amount': 100, 'sell_price': 9.5, 'revenue': '950.00', 'profit': '133.00'}, '301032.XSHE': {'Operation': '买入', 'name': '301032.XSHE', 'amount': 100, 'buy_price': 10.82, 'value': '1082.00', 'profit': '210.00'}}"
2025-03-07,7.31%,107313.00,27903.00,79410.0,0.31%,"{'300358.XSHE': {'Operation': '清仓', 'amount': 100, 'sell_price': 8.01, 'revenue': '801.00', 'profit': '115.00'}, '603577.XSHG': {'Operation': '清仓', 'amount': 100, 'sell_price': 9.09, 'revenue': '909.00', 'profit': '123.00'}, '300005.XSHE': {'Operation': '清仓', 'amount': 100, 'sell_price': 8.2, 'revenue': '820.00', 'profit': '113.00'}, '300016.XSHE': {'Operation': '清仓', 'amount': 100, 'sell_price': 7.19, 'revenue': '719.00', 'profit': '100.00'}, '603088.XSHG': {'Operation': '清仓', 'amount': 100, 'sell_price': 11.22, 'revenue': '1122.00', 'profit': '181.00'}, '002514.XSHE': {'Operation': '买入', 'name': '002514.XSHE', 'amount': 100, 'buy_price': 7.75, 'value': '775.00', 'profit': '-12.00'}, '600513.XSHG': {'Operation': '买入', 'name': '600513.XSHG', 'amount': 100, 'buy_price': 9.57, 'value': '957.00', 'profit': '-6.00'}, '603697.XSHG': {'Operation': '买入', 'name': '603697.XSHG', 'amount': 100, 'buy_price': 8.45, 'value': '845.00', 'profit': '5.00'}, '603718.XSHG': {'Operation': '买入', 'name': '603718.XSHG', 'amount': 100, 'buy_price': 7.09, 'value': '709.00', 'profit': '-2.00'}, '002030.XSHE': {'Operation': '买入', 'name': '002030.XSHE', 'amount': 100, 'buy_price': 6.61, 'value': '661.00', 'profit': '-9.00'}}"
2025-03-10,7.84%,107843.00,27785.00,80058.0,-0.08%,"{'600531.XSHG': {'Operation': '清仓', 'amount': 100, 'sell_price': 7.76, 'revenue': '776.00', 'profit': '133.00'}, '002723.XSHE': {'Operation': '买入', 'name': '002723.XSHE', 'amount': 100, 'buy_price': 8.94, 'value': '894.00', 'profit': '2.00'}}"
2025-03-11,8.29%,108290.00,27785.00,80505.0,0.24%,{}
2025-03-12,8.79%,108790.00,28272.00,80518.0,-0.12%,"{'301032.XSHE': {'Operation': '清仓', 'amount': 100, 'sell_price': 13.2, 'revenue': '1320.00', 'profit': '238.00'}, '600158.XSHG': {'Operation': '买入', 'name': '600158.XSHG', 'amount': 100, 'buy_price': 8.33, 'value': '833.00', 'profit': '-15.00'}}"
2025-03-13,8.34%,108343.00,28520.00,79823.0,-0.51%,"{'000925.XSHE': {'Operation': '清仓', 'amount': 100, 'sell_price': 9.81, 'revenue': '981.00', 'profit': '157.00'}, '003016.XSHE': {'Operation': '买入', 'name': '003016.XSHE', 'amount': 100, 'buy_price': 7.33, 'value': '733.00', 'profit': '-6.00'}}"
2025-03-14,9.77%,109767.00,28215.00,81552.0,1.90%,"{'603900.XSHG': {'Operation': '清仓', 'amount': 100, 'sell_price': 6.8, 'revenue': '680.00', 'profit': '125.00'}, '300637.XSHE': {'Operation': '买入', 'name': '300637.XSHE', 'amount': 100, 'buy_price': 9.85, 'value': '985.00', 'profit': '8.00'}}"
2025-03-17,10.24%,110242.00,28689.00,81553.0,1.65%,"{'603779.XSHG': {'Operation': '清仓', 'amount': 100, 'sell_price': 9.0, 'revenue': '900.00', 'profit': '131.00'}, '603697.XSHG': {'Operation': '清仓', 'amount': 100, 'sell_price': 9.72, 'revenue': '972.00', 'profit': '127.00'}, '300103.XSHE': {'Operation': '买入', 'name': '300103.XSHE', 'amount': 100, 'buy_price': 6.97, 'value': '697.00', 'profit': '-2.00'}, '601226.XSHG': {'Operation': '买入', 'name': '601226.XSHG', 'amount': 100, 'buy_price': 7.01, 'value': '701.00', 'profit': '-10.00'}}"
2025-03-18,10.38%,110384.00,28689.00,81695.0,1.93%,{}
2025-03-19,10.11%,110108.00,28838.00,81270.0,1.99%,"{'300670.XSHE': {'Operation': '清仓', 'amount': 100, 'sell_price': 6.76, 'revenue': '676.00', 'profit': '93.00'}, '002556.XSHE': {'Operation': '买入', 'name': '002556.XSHE', 'amount': 100, 'buy_price': 5.27, 'value': '527.00', 'profit': '-2.00'}}"
2025-03-20,10.36%,110360.00,29209.00,81151.0,1.10%,"{'300018.XSHE': {'Operation': '清仓', 'amount': 100, 'sell_price': 7.85, 'revenue': '785.00', 'profit': '117.00'}, '300423.XSHE': {'Operation': '清仓', 'amount': 100, 'sell_price': 8.0, 'revenue': '800.00', 'profit': '108.00'}, '000597.XSHE': {'Operation': '买入', 'name': '000597.XSHE', 'amount': 100, 'buy_price': 5.01, 'value': '501.00', 'profit': '-2.00'}, '000713.XSHE': {'Operation': '买入', 'name': '000713.XSHE', 'amount': 100, 'buy_price': 7.13, 'value': '713.00', 'profit': '-1.00'}}"
2025-03-21,9.63%,109627.00,29123.00,80504.0,-0.44%,"{'600099.XSHG': {'Operation': '清仓', 'amount': 100, 'sell_price': 10.31, 'revenue': '1031.00', 'profit': '147.00'}, '601886.XSHG': {'Operation': '清仓', 'amount': 100, 'sell_price': 5.79, 'revenue': '579.00', 'profit': '79.00'}, '300228.XSHE': {'Operation': '清仓', 'amount': 100, 'sell_price': 8.27, 'revenue': '827.00', 'profit': '118.00'}, '300512.XSHE': {'Operation': '买入', 'name': '300512.XSHE', 'amount': 100, 'buy_price': 8.85, 'value': '885.00', 'profit': '-29.00'}, '300485.XSHE': {'Operation': '买入', 'name': '300485.XSHE', 'amount': 100, 'buy_price': 7.44, 'value': '744.00', 'profit': '-12.00'}, '002706.XSHE': {'Operation': '买入', 'name': '002706.XSHE', 'amount': 100, 'buy_price': 8.94, 'value': '894.00', 'profit': '27.00'}}"
2025-03-24,8.29%,108286.00,29579.00,78707.0,0.08%,"{'300700.XSHE': {'Operation': '清仓', 'amount': 100, 'sell_price': 10.2, 'revenue': '1020.00', 'profit': '141.00'}, '605162.XSHG': {'Operation': '清仓', 'amount': 100, 'sell_price': 7.95, 'revenue': '795.00', 'profit': '104.00'}, '300381.XSHE': {'Operation': '买入', 'name': '300381.XSHE', 'amount': 100, 'buy_price': 7.4, 'value': '740.00', 'profit': '-20.00'}, '002302.XSHE': {'Operation': '买入', 'name': '002302.XSHE', 'amount': 100, 'buy_price': 6.19, 'value': '619.00', 'profit': '-13.00'}}"
2025-03-25,8.43%,108428.00,28390.00,80038.0,0.01%,"{'002469.XSHE': {'Operation': '清仓', 'amount': 100, 'sell_price': 8.22, 'revenue': '822.00', 'profit': '124.00'}, '300291.XSHE': {'Operation': '补仓', 'amount': 100, 'buy_price': 4.75, 'value': '475.00', 'profit': '-47.50'}, '002474.XSHE': {'Operation': '补仓', 'amount': 100, 'buy_price': 6.82, 'value': '682.00', 'profit': '-108.00'}, '000037.XSHE': {'Operation': '买入', 'name': '000037.XSHE', 'amount': 100, 'buy_price': 8.54, 'value': '854.00', 'profit': '5.00'}}"
2025-03-26,9.30%,109299.00,28375.00,80924.0,-0.32%,"{'300004.XSHE': {'Operation': '清仓', 'amount': 100, 'sell_price': 7.18, 'revenue': '718.00', 'profit': '106.00'}, '002440.XSHE': {'Operation': '买入', 'name': '002440.XSHE', 'amount': 100, 'buy_price': 7.33, 'value': '733.00', 'profit': '5.00'}}"
2025-03-27,8.27%,108270.00,28375.00,79895.0,0.02%,{}
2025-03-28,7.22%,107222.00,27803.00,79419.0,-0.42%,"{'603222.XSHG': {'Operation': '补仓', 'amount': 100, 'buy_price': 5.72, 'value': '572.00', 'profit': '-18.00'}}"
2025-03-31,5.92%,105924.00,25898.00,80026.0,-1.13%,"{'603682.XSHG': {'Operation': '补仓', 'amount': 100, 'buy_price': 5.03, 'value': '503.00', 'profit': '-80.17'}, '002514.XSHE': {'Operation': '补仓', 'amount': 100, 'buy_price': 6.51, 'value': '651.00', 'profit': '-51.00'}, '002723.XSHE': {'Operation': '补仓', 'amount': 100, 'buy_price': 7.51, 'value': '751.00', 'profit': '-86.50'}}"
2025-04-01,7.69%,107688.00,25898.00,81790.0,-1.12%,{}
2025-04-02,8.44%,108438.00,27214.00,81224.0,-1.21%,"{'001258.XSHE': {'Operation': '清仓', 'amount': 300, 'sell_price': 8.52, 'revenue': '2556.00', 'profit': '478.00'}, '002474.XSHE': {'Operation': '补仓', 'amount': 100, 'buy_price': 6.6, 'value': '660.00', 'profit': '-85.50'}, '002016.XSHE': {'Operation': '买入', 'name': '002016.XSHE', 'amount': 100, 'buy_price': 5.8, 'value': '580.00', 'profit': '17.00'}}"
2025-04-03,8.90%,108900.00,25850.00,83050.0,-1.79%,"{'000670.XSHE': {'Operation': '补仓', 'amount': 100, 'buy_price': 6.19, 'value': '619.00', 'profit': '-71.00'}, '002097.XSHE': {'Operation': '补仓', 'amount': 100, 'buy_price': 7.45, 'value': '745.00', 'profit': '-65.00'}}"
2025-04-07,-0.50%,99498.00,19224.00,80274.0,-8.71%,"{'300107.XSHE': {'Operation': '补仓', 'amount': 100, 'buy_price': 7.78, 'value': '778.00', 'profit': '-184.50'}, '000670.XSHE': {'Operation': '补仓', 'amount': 100, 'buy_price': 5.86, 'value': '586.00', 'profit': '-105.75'}, '603682.XSHG': {'Operation': '补仓', 'amount': 100, 'buy_price': 4.79, 'value': '479.00', 'profit': '-111.14'}, '600724.XSHG': {'Operation': '补仓', 'amount': 100, 'buy_price': 4.58, 'value': '458.00', 'profit': '-94.00'}, '601121.XSHG': {'Operation': '补仓', 'amount': 100, 'buy_price': 5.68, 'value': '568.00', 'profit': '-85.50'}, '603221.XSHG': {'Operation': '清仓', 'amount': 100, 'sell_price': 11.53, 'revenue': '1153.00', 'profit': '242.00'}, '603617.XSHG': {'Operation': '补仓', 'amount': 100, 'buy_price': 6.69, 'value': '669.00', 'profit': '-84.50'}, '300138.XSHE': {'Operation': '清仓', 'amount': 100, 'sell_price': 10.04, 'revenue': '1004.00', 'profit': '147.00'}, '002097.XSHE': {'Operation': '补仓', 'amount': 100, 'buy_price': 6.85, 'value': '685.00', 'profit': '-97.00'}, '300219.XSHE': {'Operation': '补仓', 'amount': 100, 'buy_price': 6.4, 'value': '640.00', 'profit': '-146.50'}, '002474.XSHE': {'Operation': '补仓', 'amount': 100, 'buy_price': 6.11, 'value': '611.00', 'profit': '-127.00'}, '002514.XSHE': {'Operation': '补仓', 'amount': 100, 'buy_price': 5.8, 'value': '580.00', 'profit': '-103.67'}, '300103.XSHE': {'Operation': '补仓', 'amount': 100, 'buy_price': 5.7, 'value': '570.00', 'profit': '-150.50'}, '300512.XSHE': {'Operation': '补仓', 'amount': 100, 'buy_price': 7.2, 'value': '720.00', 'profit': '-175.50'}, '600616.XSHG': {'Operation': '买入', 'name': '600616.XSHG', 'amount': 100, 'buy_price': 5.41, 'value': '541.00', 'profit': '-41.00'}, '000993.XSHE': {'Operation': '买入', 'name': '000993.XSHE', 'amount': 100, 'buy_price': 8.98, 'value': '898.00', 'profit': '-25.00'}}"
2025-04-08,-0.84%,99161.00,399.00,98762.0,-7.15%,"{'300732.XSHE': {'Operation': '补仓', 'amount': 100, 'buy_price': 5.56, 'value': '556.00', 'profit': '-39.50'}, '300107.XSHE': {'Operation': '补仓', 'amount': 100, 'buy_price': 6.8, 'value': '680.00', 'profit': '-100.67'}, '300528.XSHE': {'Operation': '补仓', 'amount': 100, 'buy_price': 7.0, 'value': '700.00', 'profit': '-76.00'}, '301215.XSHE': {'Operation': '补仓', 'amount': 100, 'buy_price': 4.95, 'value': '495.00', 'profit': '-37.50'}, '000546.XSHE': {'Operation': '补仓', 'amount': 100, 'buy_price': 3.99, 'value': '399.00', 'profit': '-53.00'}, '000670.XSHE': {'Operation': '补仓', 'amount': 100, 'buy_price': 5.41, 'value': '541.00', 'profit': '-104.40'}, '002561.XSHE': {'Operation': '补仓', 'amount': 100, 'buy_price': 7.3, 'value': '730.00', 'profit': '-48.50'}, '300131.XSHE': {'Operation': '补仓', 'amount': 100, 'buy_price': 6.3, 'value': '630.00', 'profit': '-85.00'}, '603682.XSHG': {'Operation': '补仓', 'amount': 100, 'buy_price': 4.29, 'value': '429.00', 'profit': '-97.37'}, '600613.XSHG': {'Operation': '补仓', 'amount': 100, 'buy_price': 5.68, 'value': '568.00', 'profit': '-61.00'}, '300931.XSHE': {'Operation': '补仓', 'amount': 100, 'buy_price': 5.42, 'value': '542.00', 'profit': '-43.50'}, '600724.XSHG': {'Operation': '补仓', 'amount': 100, 'buy_price': 4.15, 'value': '415.00', 'profit': '-79.20'}, '603058.XSHG': {'Operation': '补仓', 'amount': 100, 'buy_price': 7.22, 'value': '722.00', 'profit': '-85.00'}, '002587.XSHE': {'Operation': '补仓', 'amount': 100, 'buy_price': 4.99, 'value': '499.00', 'profit': '-54.50'}, '603889.XSHG': {'Operation': '补仓', 'amount': 100, 'buy_price': 5.49, 'value': '549.00', 'profit': '-94.50'}, '002082.XSHE': {'Operation': '补仓', 'amount': 100, 'buy_price': 5.38, 'value': '538.00', 'profit': '-73.50'}, '000619.XSHE': {'Operation': '补仓', 'amount': 100, 'buy_price': 5.2, 'value': '520.00', 'profit': '-79.00'}, '002606.XSHE': {'Operation': '补仓', 'amount': 100, 'buy_price': 8.19, 'value': '819.00', 'profit': '-108.50'}, '603528.XSHG': {'Operation': '补仓', 'amount': 100, 'buy_price': 7.11, 'value': '711.00', 'profit': '-130.50'}, '300123.XSHE': {'Operation': '补仓', 'amount': 100, 'buy_price': 4.79, 'value': '479.00', 'profit': '-36.50'}, '300291.XSHE': {'Operation': '补仓', 'amount': 100, 'buy_price': 4.27, 'value': '427.00', 'profit': '-53.00'}, '300883.XSHE': {'Operation': '补仓', 'amount': 100, 'buy_price': 4.7, 'value': '470.00', 'profit': '-44.00'}, '603617.XSHG': {'Operation': '补仓', 'amount': 100, 'buy_price': 6.1, 'value': '610.00', 'profit': '-104.00'}, '300160.XSHE': {'Operation': '补仓', 'amount': 100, 'buy_price': 4.53, 'value': '453.00', 'profit': '-33.50'}, '300219.XSHE': {'Operation': '补仓', 'amount': 100, 'buy_price': 5.65, 'value': '565.00', 'profit': '-85.67'}, '002474.XSHE': {'Operation': '补仓', 'amount': 100, 'buy_price': 5.71, 'value': '571.00', 'profit': '-139.00'}, '002514.XSHE': {'Operation': '补仓', 'amount': 100, 'buy_price': 5.15, 'value': '515.00', 'profit': '-95.25'}, '002030.XSHE': {'Operation': '补仓', 'amount': 100, 'buy_price': 5.4, 'value': '540.00', 'profit': '-59.50'}, '002723.XSHE': {'Operation': '补仓', 'amount': 100, 'buy_price': 6.91, 'value': '691.00', 'profit': '-125.67'}, '300637.XSHE': {'Operation': '补仓', 'amount': 100, 'buy_price': 7.83, 'value': '783.00', 'profit': '-78.00'}, '300103.XSHE': {'Operation': '补仓', 'amount': 100, 'buy_price': 4.84, 'value': '484.00', 'profit': '-82.67'}, '601226.XSHG': {'Operation': '补仓', 'amount': 100, 'buy_price': 5.61, 'value': '561.00', 'profit': '-63.00'}, '300512.XSHE': {'Operation': '补仓', 'amount': 100, 'buy_price': 6.33, 'value': '633.00', 'profit': '-105.00'}}"
2025-04-09,1.43%,101432.00,3.00,101429.0,-6.23%,"{'000713.XSHE': {'Operation': '清仓', 'amount': 100, 'sell_price': 9.28, 'revenue': '928.00', 'profit': '215.00'}, '300512.XSHE': {'Operation': '补仓', 'amount': 100, 'buy_price': 6.33, 'value': '633.00', 'profit': '-60.75'}, '002706.XSHE': {'Operation': '补仓', 'amount': 100, 'buy_price': 6.91, 'value': '691.00', 'profit': '-77.50'}}"
2025-04-10,4.39%,104386.00,3.00,104383.0,-5.00%,{}
2025-04-11,4.64%,104644.00,3.00,104641.0,-4.61%,{}
2025-04-14,7.19%,107189.00,3.00,107186.0,-4.39%,{}
2025-04-15,7.63%,107632.00,778.00,106854.0,-4.34%,"{'603313.XSHG': {'Operation': '清仓', 'amount': 100, 'sell_price': 7.75, 'revenue': '775.00', 'profit': '105.00'}}"
2025-04-16,5.68%,105679.00,1419.00,104260.0,-4.04%,"{'600234.XSHG': {'Operation': '清仓', 'amount': 100, 'sell_price': 6.4, 'revenue': '640.00', 'profit': '85.00'}, '300350.XSHE': {'Operation': '清仓', 'amount': 100, 'sell_price': 6.5, 'revenue': '650.00', 'profit': '106.00'}, '002723.XSHE': {'Operation': '补仓', 'amount': 100, 'buy_price': 6.49, 'value': '649.00', 'profit': '-113.25'}}"
2025-04-17,6.80%,106796.00,2243.00,104553.0,-4.06%,"{'603696.XSHG': {'Operation': '清仓', 'amount': 100, 'sell_price': 11.21, 'revenue': '1121.00', 'profit': '305.00'}, '002098.XSHE': {'Operation': '清仓', 'amount': 100, 'sell_price': 9.85, 'revenue': '985.00', 'profit': '189.00'}, '002097.XSHE': {'Operation': '补仓', 'amount': 100, 'buy_price': 6.5, 'value': '650.00', 'profit': '-90.75'}, '002723.XSHE': {'Operation': '补仓', 'amount': 100, 'buy_price': 6.32, 'value': '632.00', 'profit': '-99.40'}}"
2025-04-18,6.62%,106619.00,2243.00,104376.0,-4.05%,{}
2025-04-21,8.52%,108521.00,2243.00,106278.0,-3.74%,{}
2025-04-22,9.81%,109807.00,2243.00,107564.0,-3.76%,{}
2025-04-23,9.98%,109979.00,2873.00,107106.0,-3.69%,"{'002627.XSHE': {'Operation': '清仓', 'amount': 100, 'sell_price': 6.3, 'revenue': '630.00', 'profit': '129.00'}}"
2025-04-24,9.38%,109379.00,2873.00,106506.0,-3.75%,{}
2025-04-25,9.60%,109598.00,4051.00,105547.0,-3.68%,"{'603676.XSHG': {'Operation': '清仓', 'amount': 100, 'sell_price': 11.78, 'revenue': '1178.00', 'profit': '182.00'}}"
2025-04-28,7.79%,107785.00,4952.00,102833.0,-3.82%,"{'600983.XSHG': {'Operation': '清仓', 'amount': 100, 'sell_price': 10.82, 'revenue': '1082.00', 'profit': '158.00'}, '002514.XSHE': {'Operation': '补仓', 'amount': 100, 'buy_price': 4.86, 'value': '486.00', 'profit': '-115.40'}, '000993.XSHE': {'Operation': '清仓', 'amount': 100, 'sell_price': 10.78, 'revenue': '1078.00', 'profit': '180.00'}, '300509.XSHE': {'Operation': '买入', 'name': '300509.XSHE', 'amount': 100, 'buy_price': 7.73, 'value': '773.00', 'profit': '-7.00'}}"
2025-04-29,8.91%,108910.00,4654.00,104256.0,-3.99%,"{'002293.XSHE': {'Operation': '清仓', 'amount': 100, 'sell_price': 8.78, 'revenue': '878.00', 'profit': '140.00'}, '000565.XSHE': {'Operation': '清仓', 'amount': 100, 'sell_price': 6.86, 'revenue': '686.00', 'profit': '138.00'}, '002514.XSHE': {'Operation': '补仓', 'amount': 100, 'buy_price': 4.37, 'value': '437.00', 'profit': '-137.00'}, '000586.XSHE': {'Operation': '买入', 'name': '000586.XSHE', 'amount': 100, 'buy_price': 9.0, 'value': '900.00', 'profit': '31.00'}, '600084.XSHG': {'Operation': '买入', 'name': '600084.XSHG', 'amount': 100, 'buy_price': 5.25, 'value': '525.00', 'profit': '12.00'}}"
2025-04-30,9.79%,109794.00,4224.00,105570.0,-4.10%,"{'002514.XSHE': {'Operation': '补仓', 'amount': 100, 'buy_price': 4.3, 'value': '430.00', 'profit': '-102.43'}}"
2025-05-06,12.82%,112822.00,3765.00,109057.0,-3.14%,"{'002514.XSHE': {'Operation': '补仓', 'amount': 100, 'buy_price': 4.59, 'value': '459.00', 'profit': '-45.62'}}"
2025-05-07,13.88%,113883.00,4850.00,109033.0,-2.55%,"{'300528.XSHE': {'Operation': '清仓', 'amount': 200, 'sell_price': 9.26, 'revenue': '1852.00', 'profit': '266.00'}, '300931.XSHE': {'Operation': '清仓', 'amount': 200, 'sell_price': 6.93, 'revenue': '1386.00', 'profit': '189.00'}, '300637.XSHE': {'Operation': '清仓', 'amount': 200, 'sell_price': 10.39, 'revenue': '2078.00', 'profit': '310.00'}, '300365.XSHE': {'Operation': '买入', 'name': '300365.XSHE', 'amount': 100, 'buy_price': 6.09, 'value': '609.00', 'profit': '-2.00'}, '300647.XSHE': {'Operation': '买入', 'name': '300647.XSHE', 'amount': 100, 'buy_price': 5.71, 'value': '571.00', 'profit': '0.00'}, '300658.XSHE': {'Operation': '买入', 'name': '300658.XSHE', 'amount': 100, 'buy_price': 6.0, 'value': '600.00', 'profit': '3.00'}, '000626.XSHE': {'Operation': '买入', 'name': '000626.XSHE', 'amount': 100, 'buy_price': 6.07, 'value': '607.00', 'profit': '-5.00'}, '300686.XSHE': {'Operation': '买入', 'name': '300686.XSHE', 'amount': 100, 'buy_price': 8.84, 'value': '884.00', 'profit': '-17.00'}, '600419.XSHG': {'Operation': '买入', 'name': '600419.XSHG', 'amount': 100, 'buy_price': 9.6, 'value': '960.00', 'profit': '-3.00'}}"
2025-05-08,15.54%,115537.00,4850.00,110687.0,-2.01%,{}
2025-05-09,14.09%,114087.00,4647.00,109440.0,-2.18%,"{'300123.XSHE': {'Operation': '清仓', 'amount': 200, 'sell_price': 6.81, 'revenue': '1362.00', 'profit': '281.00'}, '002753.XSHE': {'Operation': '买入', 'name': '002753.XSHE', 'amount': 100, 'buy_price': 6.66, 'value': '666.00', 'profit': '-3.00'}, '002441.XSHE': {'Operation': '买入', 'name': '002441.XSHE', 'amount': 100, 'buy_price': 8.99, 'value': '899.00', 'profit': '-14.00'}}"
2025-05-12,15.17%,115175.00,4647.00,110528.0,-1.05%,{}
2025-05-13,15.42%,115422.00,4647.00,110775.0,-0.90%,{}
2025-05-14,15.28%,115278.00,5308.00,109970.0,0.29%,"{'002514.XSHE': {'Operation': '清仓', 'amount': 800, 'sell_price': 6.42, 'revenue': '5136.00', 'profit': '803.00'}, '300575.XSHE': {'Operation': '买入', 'name': '300575.XSHE', 'amount': 100, 'buy_price': 6.06, 'value': '606.00', 'profit': '-4.00'}, '603817.XSHG': {'Operation': '买入', 'name': '603817.XSHG', 'amount': 100, 'buy_price': 5.77, 'value': '577.00', 'profit': '-1.00'}, '600775.XSHG': {'Operation': '买入', 'name': '600775.XSHG', 'amount': 100, 'buy_price': 10.1, 'value': '1010.00', 'profit': '3.00'}, '688586.XSHG': {'Operation': '买入', 'name': '688586.XSHG', 'amount': 100, 'buy_price': 10.31, 'value': '1031.00', 'profit': '-8.00'}, '002367.XSHE': {'Operation': '买入', 'name': '002367.XSHE', 'amount': 100, 'buy_price': 6.78, 'value': '678.00', 'profit': '-3.00'}, '300393.XSHE': {'Operation': '买入', 'name': '300393.XSHE', 'amount': 100, 'buy_price': 5.73, 'value': '573.00', 'profit': '-8.00'}}"
2025-05-15,14.66%,114664.00,5308.00,109356.0,-0.63%,{}
2025-05-16,15.12%,115121.00,5308.00,109813.0,-1.09%,{}
2025-05-19,16.47%,116466.00,5533.00,110933.0,-1.39%,"{'002136.XSHE': {'Operation': '清仓', 'amount': 100, 'sell_price': 11.35, 'revenue': '1135.00', 'profit': '168.00'}, '603912.XSHG': {'Operation': '买入', 'name': '603912.XSHG', 'amount': 100, 'buy_price': 9.1, 'value': '910.00', 'profit': '19.00'}}"
2025-05-20,18.10%,118104.00,5782.00,112322.0,-0.86%,"{'300485.XSHE': {'Operation': '清仓', 'amount': 100, 'sell_price': 8.69, 'revenue': '869.00', 'profit': '125.00'}, '603999.XSHG': {'Operation': '买入', 'name': '603999.XSHG', 'amount': 100, 'buy_price': 6.2, 'value': '620.00', 'profit': '12.00'}}"
2025-05-21,17.42%,117423.00,8654.00,108769.0,-0.39%,"{'000670.XSHE': {'Operation': '清仓', 'amount': 500, 'sell_price': 7.56, 'revenue': '3780.00', 'profit': '568.00'}, '002999.XSHE': {'Operation': '清仓', 'amount': 100, 'sell_price': 6.78, 'revenue': '678.00', 'profit': '89.00'}, '300334.XSHE': {'Operation': '清仓', 'amount': 100, 'sell_price': 6.65, 'revenue': '665.00', 'profit': '88.00'}, '600135.XSHG': {'Operation': '清仓', 'amount': 100, 'sell_price': 7.83, 'revenue': '783.00', 'profit': '121.00'}, '300883.XSHE': {'Operation': '清仓', 'amount': 200, 'sell_price': 6.0, 'revenue': '1200.00', 'profit': '164.00'}, '000586.XSHE': {'Operation': '清仓', 'amount': 100, 'sell_price': 10.63, 'revenue': '1063.00', 'profit': '163.00'}, '603716.XSHG': {'Operation': '买入', 'name': '603716.XSHG', 'amount': 100, 'buy_price': 11.2, 'value': '1120.00', 'profit': '1.00'}, '600712.XSHG': {'Operation': '买入', 'name': '600712.XSHG', 'amount': 100, 'buy_price': 5.82, 'value': '582.00', 'profit': '34.00'}, '603966.XSHG': {'Operation': '买入', 'name': '603966.XSHG', 'amount': 100, 'buy_price': 9.95, 'value': '995.00', 'profit': '28.00'}, '002691.XSHE': {'Operation': '买入', 'name': '002691.XSHE', 'amount': 100, 'buy_price': 8.65, 'value': '865.00', 'profit': '-19.00'}, '300143.XSHE': {'Operation': '买入', 'name': '300143.XSHE', 'amount': 100, 'buy_price': 9.45, 'value': '945.00', 'profit': '-9.00'}, '300490.XSHE': {'Operation': '买入', 'name': '300490.XSHE', 'amount': 100, 'buy_price': 7.9, 'value': '790.00', 'profit': '1.00'}}"
2025-05-22,15.94%,115940.00,8777.00,107163.0,-0.46%,"{'603321.XSHG': {'Operation': '清仓', 'amount': 100, 'sell_price': 8.86, 'revenue': '886.00', 'profit': '190.00'}, '000007.XSHE': {'Operation': '买入', 'name': '000007.XSHE', 'amount': 100, 'buy_price': 7.63, 'value': '763.00', 'profit': '37.00'}}"
2025-05-23,14.83%,114833.00,8943.00,105890.0,-1.26%,"{'301215.XSHE': {'Operation': '清仓', 'amount': 200, 'sell_price': 6.27, 'revenue': '1254.00', 'profit': '165.00'}, '000856.XSHE': {'Operation': '买入', 'name': '000856.XSHE', 'amount': 100, 'buy_price': 10.88, 'value': '1088.00', 'profit': '-48.00'}}"
2025-05-26,15.74%,115741.00,8943.00,106798.0,-1.82%,{}
2025-05-27,16.93%,116930.00,8957.00,107973.0,-2.35%,"{'600616.XSHG': {'Operation': '清仓', 'amount': 100, 'sell_price': 6.45, 'revenue': '645.00', 'profit': '104.00'}, '603421.XSHG': {'Operation': '买入', 'name': '603421.XSHG', 'amount': 100, 'buy_price': 6.31, 'value': '631.00', 'profit': '6.00'}}"
2025-05-28,16.46%,116461.00,8667.00,107794.0,-2.43%,"{'002556.XSHE': {'Operation': '清仓', 'amount': 100, 'sell_price': 6.34, 'revenue': '634.00', 'profit': '107.00'}, '300575.XSHE': {'Operation': '清仓', 'amount': 100, 'sell_price': 8.01, 'revenue': '801.00', 'profit': '195.00'}, '002825.XSHE': {'Operation': '买入', 'name': '002825.XSHE', 'amount': 100, 'buy_price': 10.75, 'value': '1075.00', 'profit': '-21.00'}, '603113.XSHG': {'Operation': '买入', 'name': '603113.XSHG', 'amount': 100, 'buy_price': 6.5, 'value': '650.00', 'profit': '0.00'}}"
2025-05-29,18.42%,118421.00,8667.00,109754.0,-1.86%,{}
2025-05-30,17.45%,117445.00,8607.00,108838.0,-2.33%,"{'600721.XSHG': {'Operation': '清仓', 'amount': 100, 'sell_price': 7.6, 'revenue': '760.00', 'profit': '101.00'}, '300509.XSHE': {'Operation': '清仓', 'amount': 100, 'sell_price': 8.91, 'revenue': '891.00', 'profit': '118.00'}, '002258.XSHE': {'Operation': '买入', 'name': '002258.XSHE', 'amount': 100, 'buy_price': 12.01, 'value': '1201.00', 'profit': '-55.00'}, '603335.XSHG': {'Operation': '买入', 'name': '603335.XSHG', 'amount': 100, 'buy_price': 5.1, 'value': '510.00', 'profit': '-20.00'}}"
